@article{einstein,
author = "Albert Einstein",
title = "The Title", 
journal = "The Journal"
}